<record xmlns="http://www.loc.gov/MARC21/slim" xmlns:xsi="http://www.w3.org/2001/XMLSchema-instance" xsi:schemaLocation="http://www.loc.gov/MARC21/slim http://www.loc.gov/standards/marcxml/schema/MARC21slim.xsd"><leader>01047cz   2200229n  4500</leader><controlfield tag="001">oca00289892 </controlfield><controlfield tag="005">19920213160219.8</controlfield><controlfield tag="008">790601n| acannaab|          |a aaa |||  </controlfield><datafield ind1=" " ind2=" " tag="010"><subfield code="a">n  79056801 </subfield><subfield code="z">n  86851599 </subfield></datafield><datafield ind1=" " ind2=" " tag="040"><subfield code="a">DLC</subfield><subfield code="c">DLC</subfield><subfield code="d">DLC</subfield></datafield><datafield ind1="0" ind2=" " tag="100"><subfield code="a">Gregory</subfield><subfield code="b">I,</subfield><subfield code="c">Pope,</subfield><subfield code="d">ca. 540-604.</subfield></datafield><datafield ind1="0" ind2=" " tag="400"><subfield code="a">Gregory,</subfield><subfield code="c">the Great, Saint,</subfield><subfield code="d">ca. 540-604</subfield></datafield><datafield ind1="0" ind2=" " tag="400"><subfield code="a">Gregor,</subfield><subfield code="c">der Grosse, Saint,</subfield><subfield code="d">ca. 540-604</subfield></datafield><datafield ind1="0" ind2=" " tag="400"><subfield code="a">Gregorio,</subfield><subfield code="c">Magno, Saint,</subfield><subfield code="d">ca. 540-604</subfield></datafield><datafield ind1="0" ind2=" " tag="400"><subfield code="a">Gregorius,</subfield><subfield code="c">Magnus, Saint,</subfield><subfield code="d">ca. 540-604</subfield></datafield><datafield ind1="0" ind2=" " tag="400"><subfield code="a">Grégoire,</subfield><subfield code="c">le Grand, Saint,</subfield><subfield code="d">ca. 540-604</subfield></datafield><datafield ind1="0" ind2=" " tag="400"><subfield code="a">Gregorius</subfield><subfield code="b">I,</subfield><subfield code="c">the Great, Saint, Pope,</subfield><subfield code="d">(ca.) 540-604</subfield><subfield code="w">nnaa</subfield></datafield><datafield ind1="0" ind2=" " tag="400"><subfield code="a">Gregorius,</subfield><subfield code="c">de Grote, Saint,</subfield><subfield code="d">ca. 540-604</subfield></datafield><datafield ind1="0" ind2=" " tag="400"><subfield code="a">Grēgorios</subfield><subfield code="b">I,</subfield><subfield code="c">Pope,</subfield><subfield code="d">ca. 540-604</subfield></datafield><datafield ind1=" " ind2=" " tag="670"><subfield code="a">The Earliest life of Gregory the Great ... 1968.</subfield></datafield><datafield ind1=" " ind2=" " tag="670"><subfield code="a">Dekkers, E. Voordrachten over de heilige Gregorius der Grote, 1986.</subfield></datafield><datafield ind1=" " ind2=" " tag="670"><subfield code="a">Gregory I, Pope. Vioi agnōstōn askētōn, 1988:</subfield><subfield code="b">p. 5: (Hagiou Grēgoriou tou Megalou Papa Rōmēs) p. 15 (Ho hagios Grēgorios ho Megas (540-604))</subfield></datafield></record>